@book{Hayes2018,
author = {Hayes, Andrew F.},
isbn = {9781462534654},
city = {New York},
publisher = {NY: Guilford Press},
title = {{Introduction to mediation, moderation, and conditional process analysis}},
year = {2018}}
 @Article{Rosseel2012,
    title = {{lavaan}: An {R} Package for Structural Equation Modeling},
    author = {Rosseel, Y.},
    journal = {Journal of Statistical Software},
    year = {2012},
    volume = {48},
    number = {2},
    pages = {1--36},
    url = {http://www.jstatsoft.org/v48/i02/},
  }
  @Manual{R-base,
  title = {R: A Language and Environment for Statistical Computing},
  author = {{R Core Team}},
  organization = {R Foundation for Statistical Computing},
  address = {Vienna, Austria},
  year = {2018},
  url = {https://www.R-project.org/},
}
@Manual{R-papaja,
  author = {Frederik Aust and Marius Barth},
  title = {{papaja}: {Create} {APA} manuscripts with {R Markdown}},
  year = {2018},
  note = {R package version 0.1.0.9842},
  url = {https://github.com/crsh/papaja},
}
@Manual{R-gemm,
  title = {gemm: Moderated mediation with covariates},
  author = {Peter Verboon},
   year = {2018},
  note = {R package version 0.0.1},
}
@article{Edwards2007,
author = {Edwards, J. R. and Lambert, L. S.},
file = {:Users/peterverboon/Documents/Open Universiteit/Onderzoek/Methodologie/Moderatie {\&} Mediatie/Literatuur Mod {\&} Med/Edwards {\&} Lambert 2007 Psych Methods.pdf:pdf},
journal = {Psychological Methods},
pages = {1--22},
title = {{Methods for integrating moderation and mediation: A general analytical framework using moderated path analysis.}},
volume = {12},
year = {2007}
}
@article{Hayes2015,
author = {Hayes, Andrew F.},
doi = {10.1080/00273171.2014.962683},
file = {:Users/peterverboon/Documents/Open Universiteit/Onderzoek/Methodologie/Moderatie {\&} Mediatie/Literatuur Mod {\&} Med/Hayes (2015) MBR IMM.pdf:pdf},
journal = {Multivariate Behavioral Research},
number = {1},
pages = {1--22},
title = {{An Index and Test of Linear Moderated Mediation}},
volume = {50},
year = {2015}
}
@article{Preacher2007,
author = {Preacher, K. J. and Rucker, D. D. and Hayes, Andrew F.},
file = {:Users/peterverboon/Documents/Open Universiteit/Onderzoek/Methodologie/Moderatie {\&} Mediatie/Literatuur Mod {\&} Med/Preacher{\_}Rucker{\_}Hayes 2004 MBR.pdf:pdf},
journal = {Multivariate Behavioral Research},
pages = {185--227},
title = {{Assessing moderated mediation hypotheses: Theory, methods, and prescriptions.}},
volume = {42},
year = {2007}
}



